\bibitem{Heo2011}

@article{HeoNazrovSeeger2011,
    title = {Radial {Fourier} Multipliers in High Dimensions},
    author = {Yaryong Heo, F\"{e}dor Nazrov, Andreas Seeger},
    year = {2011}
}