@article{KeletiDimOneSet,
	author = {Keleti, Tam\'{a}s},
	title = {A 1-dimensional subset of the reals that intersects each of its translates in at most a single point},
	journal = {Real Anal. Exchange},
	volume = {24},
	issue = {2},
	year = {1999},
	pages = {843-845}
}

@article{MalabikaRob,
	author = {Fraser, Robert and Pramanik, Malabika},
	title = {Large sets avoiding patterns},
	journal = {Anal. PDE},
	volume = {11},
	issue = {5},
	year = {2018},
	pages = {1083-1111}
}

@article{Mathe,
	author = {M\'{a}th\'{e}, Andr\'{a}s},
	title = {Sets of large dimension not containing polynomial configurations},
	journal = {Adv. Math.},
	volume = {316},
	year = {2017},
	pages = {691-709}
}

@book{Matilla,
	author = {Mattila, Pertti},
	year = {2015},
	title = {Fourier analysis and {Hausdorff} dimension},
	publisher = {Cambridge University Press}
}

@article{BaloghMorrisSamotij,
	author = {Balogh, J\'{o}zsef and Morris, Robert and Samotij, Wojciech},
	title = {Independent sets in hypergraphs},
	journal = {J. Amer. Math. Soc.},
	volume = {28},
	issue = {3},
	year = {2015},
	pages = {669-709}
}

@article{KatzTao,
	author = {Katz, Nets Hawk and Tao, Terrence},
	title = {Some connections between {Falconer's} distance set conjecture, and sets of {Furstenburg} type},
	journal = {New York J. Math.},
	volume = {7},
	year = {2001},
	pages = {149-187}
}